@inproceedings{fompi13,
  author={R. Gerstenberger and M. Besta and T. Hoefler},
  title={{Enabling Highly-Scalable Remote Memory Access Programming with MPI-3 One Sided}},
  year={2013},
  month={11},
  pages={53:1--53:12},
  booktitle={Proceedings of the International Conference on High Performance Computing, Networking, Storage and Analysis},
  location={Denver, Colorado, USA},
  publisher={ACM},
  isbn={978-1-4503-2378-9},
}

@MISC{cmpi10,
    author = {Justin M. Wozniak and Robert Latham and Sam Lang and Seung Woo Son and Robert Ross},
    title = {C-MPI: A DHT Implementation for Grid and HPC Environments. (Preprint ANL/MCS-P1746-0410},
    year = {2010}
}

@inproceedings{chord01,
  author    = {Ion Stoica and
               Robert Morris and
               David R. Karger and
               M. Frans Kaashoek and
               Hari Balakrishnan},
  title     = {Chord: {A} scalable peer-to-peer lookup service for internet applications},
  booktitle = {{SIGCOMM}},
  pages     = {149--160},
  year      = {2001},
  url       = {http://doi.acm.org/10.1145/383059.383071},
  doi       = {10.1145/383059.383071},
  timestamp = {Thu, 04 Mar 2004 15:07:41 +0100},
  biburl    = {http://dblp.uni-trier.de/rec/bib/conf/sigcomm/StoicaMKKB01},
  bibsource = {dblp computer science bibliography, http://dblp.org}
}

@INPROCEEDINGS{zht13,
    author = {Tonglin Li and Xiaobing Zhou and Kevin Br and Dongfang Zhao and Ke Wang and Anupam Rajendran and Zhao Zhang and Ioan Raicu},
    title = {ZHT: A light-weight reliable persistent dynamic scalable zero-hop distributed hash table},
    booktitle = {In Proceedings of the 27th IEEE International Parallel and Distributed Processing Symposium (IPDPS},
    year = {2013}
}

@inproceedings{kademlia02,
  author    = {Petar Maymounkov and
               David Mazi{\`{e}}res},
  title     = {Kademlia: {A} Peer-to-Peer Information System Based on the {XOR} Metric},
  booktitle = {Peer-to-Peer Systems, First International Workshop, {IPTPS} 2002,
               Cambridge, MA, USA, March 7-8, 2002, Revised Papers},
  pages     = {53--65},
  year      = {2002},
  crossref  = {DBLP:conf/iptps/2002},
  url       = {http://dx.doi.org/10.1007/3-540-45748-8_5},
  doi       = {10.1007/3-540-45748-8_5},
  timestamp = {Fri, 01 Jul 2011 13:41:51 +0200},
  biburl    = {http://dblp.uni-trier.de/rec/bib/conf/iptps/MaymounkovM02},
  bibsource = {dblp computer science bibliography, http://dblp.org}
}



@inproceedings{pastry01,
  author    = {Antony I. T. Rowstron and
               Peter Druschel},
  title     = {Pastry: Scalable, Decentralized Object Location, and Routing for Large-Scale
               Peer-to-Peer Systems},
  booktitle = {Middleware 2001, {IFIP/ACM} International Conference on Distributed
               Systems Platforms Heidelberg, Germany, November 12-16, 2001, Proceedings},
  pages     = {329--350},
  year      = {2001},
  crossref  = {DBLP:conf/middleware/2001},
  url       = {http://dx.doi.org/10.1007/3-540-45518-3_18},
  doi       = {10.1007/3-540-45518-3_18},
  timestamp = {Tue, 28 Jun 2011 15:13:50 +0200},
  biburl    = {http://dblp.uni-trier.de/rec/bib/conf/middleware/RowstronD01},
  bibsource = {dblp computer science bibliography, http://dblp.org}
}


@inproceedings{memcached04,
  author    = {Lisa Phillips and
               Brad Fitzpatrick},
  title     = {LiveJournal's Backend and memcached: Past, Present, and Future},
  booktitle = {Proceedings of the 18th Conference on Systems Administration {(LISA}
               2004), Atlanta, USA, November 14-19, 2004},
  year      = {2004},
  crossref  = {DBLP:conf/lisa/2004},
  url       = {http://www.usenix.org/publications/library/proceedings/lisa04/tech/talks/livejournal.pdf},
  timestamp = {Thu, 15 May 2014 18:36:22 +0200},
  biburl    = {http://dblp.uni-trier.de/rec/bib/conf/lisa/PhillipsF04},
  bibsource = {dblp computer science bibliography, http://dblp.org}
}


@inproceedings{memcached12,
  author    = {Patrick Stuedi and
               Animesh Trivedi and
               Bernard Metzler},
  title     = {Wimpy Nodes with 10GbE: Leveraging One-Sided Operations in Soft-RDMA
               to Boost Memcached},
  booktitle = {2012 {USENIX} Annual Technical Conference, Boston, MA, USA, June 13-15,
               2012},
  pages     = {347--353},
  year      = {2012},
  crossref  = {DBLP:conf/usenix/2012},
  url       = {https://www.usenix.org/conference/atc12/technical-sessions/presentation/stuedi},
  timestamp = {Mon, 19 May 2014 07:40:42 +0200},
  biburl    = {http://dblp.uni-trier.de/rec/bib/conf/usenix/StuediTM12},
  bibsource = {dblp computer science bibliography, http://dblp.org}
}

@inproceedings{prefix04,
  author    = {Sriram Ramabhadran and
               Sylvia Ratnasamy and
               Joseph M. Hellerstein and
               Scott Shenker},
  title     = {Brief announcement: prefix hash tree},
  booktitle = {Proceedings of the Twenty-Third Annual {ACM} Symposium on Principles
               of Distributed Computing, {PODC} 2004, St. John's, Newfoundland, Canada,
               July 25-28, 2004},
  pages     = {368},
  year      = {2004},
  crossref  = {DBLP:conf/podc/2004},
  url       = {http://doi.acm.org/10.1145/1011767.1011823},
  doi       = {10.1145/1011767.1011823},
  timestamp = {Wed, 23 May 2012 14:26:10 +0200},
  biburl    = {http://dblp.uni-trier.de/rec/bib/conf/podc/RamabhadranRHS04},
  bibsource = {dblp computer science bibliography, http://dblp.org}
}

@inproceedings{mht15,
  author    = {Xiaobing Zhou and
               Tonglin Li and
               Ke Wang and
               Dongfang Zhao and
               Iman Sadooghi and
               Ioan Raicu},
  title     = {{MHT:} {A} light-weight scalable zero-hop {MPI} enabled distributed
               key-value store},
  booktitle = {2015 {IEEE} International Conference on Big Data, Big Data 2015, Santa
               Clara, CA, USA, October 29 - November 1, 2015},
  pages     = {2901--2903},
  year      = {2015},
  crossref  = {DBLP:conf/bigdataconf/2015},
  url       = {http://dx.doi.org/10.1109/BigData.2015.7364116},
  doi       = {10.1109/BigData.2015.7364116},
  timestamp = {Fri, 08 Jan 2016 13:52:01 +0100},
  biburl    = {http://dblp.uni-trier.de/rec/bib/conf/bigdataconf/ZhouLWZSR15},
  bibsource = {dblp computer science bibliography, http://dblp.org}
}



@proceedings{DBLP:conf/usenix/2012,
  editor    = {Gernot Heiser and
               Wilson C. Hsieh},
  title     = {2012 {USENIX} Annual Technical Conference, Boston, MA, USA, June 13-15,
               2012},
  publisher = {{USENIX} Association},
  year      = {2012},
  url       = {https://www.usenix.org/publications/proceedings/?f[0]=im_group_audience%3A280},
  timestamp = {Mon, 19 May 2014 07:40:42 +0200},
  biburl    = {http://dblp.uni-trier.de/rec/bib/conf/usenix/2012},
  bibsource = {dblp computer science bibliography, http://dblp.org}
}

@TECHREPORT{Ramabhadran04prefixhash,
    author = {Sriram Ramabhadran and Sylvia Ratnasamy and Joseph M. Hellerstein and Scott Shenker},
    title = {Prefix Hash Tree: An Indexing Data Structure over Distributed Hash Tables},
    institution = {},
    year = {2004}
}

@proceedings{DBLP:conf/iptps/2002,
  editor    = {Peter Druschel and
               M. Frans Kaashoek and
               Antony I. T. Rowstron},
  title     = {Peer-to-Peer Systems, First International Workshop, {IPTPS} 2002,
               Cambridge, MA, USA, March 7-8, 2002, Revised Papers},
  series    = {Lecture Notes in Computer Science},
  volume    = {2429},
  publisher = {Springer},
  year      = {2002},
  isbn      = {3-540-44179-4},
  timestamp = {Thu, 31 Oct 2002 13:12:38 +0100},
  biburl    = {http://dblp.uni-trier.de/rec/bib/conf/iptps/2002},
  bibsource = {dblp computer science bibliography, http://dblp.org}
}
@proceedings{DBLP:conf/middleware/2001,
  editor    = {Rachid Guerraoui},
  title     = {Middleware 2001, {IFIP/ACM} International Conference on Distributed
               Systems Platforms Heidelberg, Germany, November 12-16, 2001, Proceedings},
  series    = {Lecture Notes in Computer Science},
  volume    = {2218},
  publisher = {Springer},
  year      = {2001},
  isbn      = {3-540-42800-3},
  timestamp = {Thu, 03 Jan 2002 12:06:08 +0100},
  biburl    = {http://dblp.uni-trier.de/rec/bib/conf/middleware/2001},
  bibsource = {dblp computer science bibliography, http://dblp.org}
}

@proceedings{DBLP:conf/lisa/2004,
  editor    = {Lee Damon},
  title     = {Proceedings of the 18th Conference on Systems Administration {(LISA}
               2004), Atlanta, USA, November 14-19, 2004},
  publisher = {{USENIX}},
  year      = {2004},
  url       = {https://www.usenix.org/publications/proceedings/?f[0]=im_group_audience%3A170},
  timestamp = {Thu, 15 May 2014 18:36:22 +0200},
  biburl    = {http://dblp.uni-trier.de/rec/bib/conf/lisa/2004},
  bibsource = {dblp computer science bibliography, http://dblp.org}
}

@proceedings{DBLP:conf/podc/2004,
  editor    = {Soma Chaudhuri and
               Shay Kutten},
  title     = {Proceedings of the Twenty-Third Annual {ACM} Symposium on Principles
               of Distributed Computing, {PODC} 2004, St. John's, Newfoundland, Canada,
               July 25-28, 2004},
  publisher = {{ACM}},
  year      = {2004},
  url       = {http://dl.acm.org/citation.cfm?id=1011767},
  isbn      = {1-58113-802-4},
  timestamp = {Wed, 23 May 2012 14:26:10 +0200},
  biburl    = {http://dblp.uni-trier.de/rec/bib/conf/podc/2004},
  bibsource = {dblp computer science bibliography, http://dblp.org}
}

@proceedings{DBLP:conf/bigdataconf/2015,
  title     = {2015 {IEEE} International Conference on Big Data, Big Data 2015, Santa
               Clara, CA, USA, October 29 - November 1, 2015},
  publisher = {{IEEE}},
  year      = {2015},
  url       = {http://ieeexplore.ieee.org/xpl/mostRecentIssue.jsp?punumber=7347101},
  isbn      = {978-1-4799-9926-2},
  timestamp = {Fri, 08 Jan 2016 11:30:11 +0100},
  biburl    = {http://dblp.uni-trier.de/rec/bib/conf/bigdataconf/2015},
  bibsource = {dblp computer science bibliography, http://dblp.org}
}
